@string{jtb     = "Journal of Theoretical Biology"}
@string{ns      = "New Scientist"} 
@string{ntr     = "Nature"}   
@string{sc      = "Science"}   
@string{scam    = "Scientific American"}   
@string{scb     = "Seminars in Cell Biology"}
@string{tibs	= "Trends in Biochemical Sciences"}

@BOOK{ALBERTSETAL:1994,
  AUTHOR =	 {Alberts, B. and others},
  YEAR =	 1994,
  TITLE =	 {Molecular Biology of the Cell},
  EDITION =	 {third},
  PUBLISHER =	 {Galand},
  ADDRESS =	 {New York}
}

@ARTICLE{BAIROCH:2000,
  AUTHOR =	 {Bairoch, A. and Apweiler, R.},
  YEAR =	 2000,
  JOURNAL =	 {Nucleic Acids Research},
  TITLE =	 {The {SWISS--PROT} protein sequence database and its
                  supplement {T}r{EMBL} in 2000},
  PAGES =	 {45--48},
  VOLUME =	 {28}
}

@ARTICLE{BARKER:2001,
  AUTHOR =	 {Barker, W.C. and Garavelli, J.S. and Hou, Z. and
                  Huang, H. and Ledley, R.S. and McGarvey, P.B. and
                  Mewes, H.W. and Orcutt, B.C. and Pfeiffer, F. and
                  Tsugita, A. and Vinayaka, C.R. and Xiao, C. and Yeh,
                  L. L. and Wu, C.},
  TITLE =	 {Protein {I}nformation {R}esource: a community
                  resource for expert annotation of protein data},
  JOURNAL =	 {Nucleic Acids Research},
  YEAR =	 {2001},
  VOLUME =	 {29},
  PAGES =	 {29--32}
}

@ARTICLE{BERMAN:2000,
  AUTHOR =	 {Berman, H.M. and Westbrook, J. and Feng, Z. and
                  Gilliland, G. and Bhat, T.N. and Weissig, H. and
                  Shindyalov, I.N. and Bourne, P.E.},
  YEAR =	 2000,
  TITLE =	 {The {P}rotein {D}ata {B}ank},
  JOURNAL =	 {Nucleic Acids Research},
  VOLUME =	 28,
  PAGES =	 {235--242}
}

@book {BL:1985,
  AUTHOR =	 {Blakemore, J. S.},
  TITLE =	 {Solid state physics},
  PUBLISHER =	 {Cambridge University Press},
  ADDRESS =	 {Cambridge, New York},
  YEAR =	 {1985},
  EDITION =	 {2nd},
  CALLNUMBER =	 {QC176 .B63 1985},
}

@ARTICLE{CSND:1999,
  YEAR =	 1999,
  JOURNAL =	 {Trends in {G}lycoscience and {G}lycotechnology},
  TITLE =	 {Guide to the {C}ell {S}ignaling {N}etworks
                  {D}atabase},
  AUTHOR =	 {Takai--Igarashi, Takako},
  NUMBER =	 {60},
  PAGES =	 {201--210},
  VOLUME =	 {11}
}

@BOOK{FERSHT:1985,
  AUTHOR =	 {Fersht, A.},
  TITLE =	 {Enzyme Structure and Mechanism},
  EDITION =	 {2nd},
  YEAR =	 1985,
  PUBLISHER =	 {WH Freeman and Co.}
}

@INPROCEEDINGS{FISCHER:1987a,
  AUTHOR =	 {Fischer, E.H.},
  YEAR =	 1987,
  TITLE =	 {Protein Phosphorylation: A Historical Overview},
  BOOKTITLE =	 {Signal Transduction and Protein Phosphorylation},
  EDITOR =	 {Heilmeyer, L.M.G.},
  ORGANIZATION = {NATO Scientific Affairs Division},
  PUBLISHER =	 {Plenum Press},
  ADDRESS =	 {New York},
  PAGES =	 {127--142},
  NOTE =	 {{NATO ASI Series.} first Proceedings of a
                  {NATO/FEBS} Summer School on Signal Transduction and
                  Protein Phosphorylation, held September 14--26, at
                  the Korgialenics School, on the Island of Spetsai,
                  Greece}
}

@ARTICLE{HOFMANN:1999,
  AUTHOR =	 {Hofmann, K. and Bucher P. and Falquet, L. and
                  Bairoch, A.},
  YEAR =	 1999,
  JOURNAL =	 {Nucleic Acids Research},
  TITLE =	 {The {PROSITE} database, its status in 1999},
  PAGES =	 {215--219},
  VOLUME =	 {27}
}

@ARTICLE{KAUFFMAN:1969,
  AUTHOR =	 {Kauffman, S. A.},
  TITLE =	 {Metabolic stability and epigenesis in randomly
                  connected nets},
  JOURNAL =	 jtb,
  YEAR =	 {1969},
  VOLUME =	 {22},
  PAGES =	 {437--467},
}

@ARTICLE{KREEGIPUU:1999,
  AUTHOR =	 {Kreegipuu, A. and Blom, N. and Brunak, S.},
  YEAR =	 1999,
  JOURNAL =	 {Nucleic Acids Research},
  TITLE =	 {Phospho{B}ase, a database of phosphorylation sites:
                  release 2.0},
  PAGES =	 {237--239},
  VOLUME =	 {27}
}

@incollection {MR1191182,
  AUTHOR =	 {Ochs, Jr., Robert L. and Vogel, Curtis R.},
  TITLE =	 {Energy optimization in electromagnetic wave
                  propagation},
  BOOKTITLE =	 {Invariant imbedding and inverse problems
                  (Albuquerque, NM, 1990)},
  PAGES =	 {51--63},
  PUBLISHER =	 {SIAM},
  ADDRESS =	 {Philadelphia, PA},
  YEAR =	 {1992},
  MRCLASS =	 {78A40},
  MRNUMBER =	 {1 191 182},
}

@article {MR1617060,
  AUTHOR =	 {Gilchrist, John and Kriegsmann, Gregory A. and
                  Papageorgiou, Demetrios T.},
  TITLE =	 {Stability of a microwave heated fluid layer},
  JOURNAL =	 {IMA J. Appl. Math.},
  FJOURNAL =	 {IMA Journal of Applied Mathematics},
  VOLUME =	 {60},
  YEAR =	 {1998},
  NUMBER =	 {1},
  PAGES =	 {73--89},
  ISSN =	 {0272-4960},
  CODEN =	 {IJAMDM},
  MRCLASS =	 {76E15 (76R05)},
  MRNUMBER =	 {1 617 060},
}

@ARTICLE{PKR:1997,
  YEAR =	 1997,
  JOURNAL =	 tibs,
  TITLE =	 {The {P}rotein {K}inase {R}esource},
  AUTHOR =	 {Smith, C.M. and Shindyalov, I.L. and Veretnik,
                  S. and Gribskov, M. and Taylor, S. S. and Ten Eyck,
                  L.F. and Bourne, P.E.},
  PAGES =	 {444-446},
  VOLUME =	 {22},
  NUMBER =	 {11},
  Date =	 {November}
}

